<?xml version="1.0" encoding="UTF-8"?><collection><record><leader>05621ntm a2200553 a 4500</leader><controlfield tag="001">006813673</controlfield><controlfield tag="003">MiAaHDL</controlfield><controlfield tag="005">20190719000000.0</controlfield><controlfield tag="006">m        d        </controlfield><controlfield tag="007">cr bn ---auaua</controlfield><controlfield tag="008">090606q18401860ir            00| ||per d</controlfield><datafield tag="035" ind1=" " ind2=" "><subfield code="a">(MiU)006813673</subfield></datafield><datafield tag="035" ind1=" " ind2=" "><subfield code="a">sdr-miu006813673</subfield></datafield><datafield tag="040" ind1=" " ind2=" "><subfield code="a">MiU</subfield><subfield code="c">MiU</subfield><subfield code="e">amremm</subfield></datafield><datafield tag="043" ind1=" " ind2=" "><subfield code="a">n-us-mi</subfield></datafield><datafield tag="100" ind1="0" ind2=" "><subfield code="6">880-01</subfield><subfield code="a">Saʻdī.</subfield></datafield><datafield tag="240" ind1="1" ind2="0"><subfield code="6">880-02</subfield><subfield code="a">Gulistān</subfield></datafield><datafield tag="245" ind1="1" ind2="0"><subfield code="6">880-03</subfield><subfield code="a">Kitāb-i Gulistān,</subfield><subfield code="f">[mid 19th century?].</subfield></datafield><datafield tag="246" ind1="3" ind2=" "><subfield code="i">Title from inscription in pencil on 'title page' (p.1):</subfield><subfield code="a">كلستان</subfield></datafield><datafield tag="246" ind1="3" ind2="8"><subfield code="a">کلستان</subfield></datafield><datafield tag="260" ind1=" " ind2=" "><subfield code="a">[Tehran,</subfield><subfield code="c">1840-1860?].</subfield></datafield><datafield tag="300" ind1=" " ind2=" "><subfield code="a">59 leaves :</subfield><subfield code="b">paper ;</subfield><subfield code="c">198 x 125 (140 x 78) mm. bound to 205 x 134 mm.</subfield></datafield><datafield tag="500" ind1=" " ind2=" "><subfield code="a">Shelfmark: Ann Arbor, University of Michigan, Special Collections Library, Isl. Ms. 310</subfield></datafield><datafield tag="500" ind1=" " ind2=" "><subfield code="a">Origin: Lacks dated colophon ; decoration, etc. would suggest mid to late 19th century. Apparently executed by the same craftsmen who produced Isl. Ms. 298.</subfield></datafield><datafield tag="500" ind1=" " ind2=" "><subfield code="a">Former shelfmark: "203 T. De M. [i.e. Tammaro De Marinis]" inscribed in pencil on upper pastedown.</subfield></datafield><datafield tag="500" ind1=" " ind2=" "><subfield code="a">Binding: Thin boards (semi-limp) covered in dark green to black leather ; Western style binding ; pastedowns and flyleaves in light blue-green wove paper ; spine gold-stamped with title and double bands (at head, tail and above and below title) ; sewn in white thread over three recessed cords, also stab sewn, tightly bound ; Western style endbands ; overall in fair condition with minor abrasion, excess adhesive and some breakage at gutters, etc.</subfield></datafield><datafield tag="500" ind1=" " ind2=" "><subfield code="a">Support: non-European (likely Persian or Indian) laid paper with 11-12 laid lines per cm. (vertical or horizontal, quite distinct, fairly straight) and chain lines only rarely visible, quite dense and sturdy though transluscent, highly sized and burnished, gray in tone ; some staining, minor pest damage, etc.</subfield></datafield><datafield tag="500" ind1=" " ind2=" "><subfield code="a">Decoration: Exquisite illuminate headpiece (ʻunwān / sarlawḥ) at opening on p.2 consisting of rectangular piece with empty gold cartouche flanked by floral vegetal motifs in gold, green, lavender, red and white on grounds of dark blue, surmounted by large piece evoking dome composed of swirling arabesques and floral motifs in shades of gold, orange, lavender, blue, green and white on a gold ground, all set in a well of dark blue (with white dots), bright spring green, orange and gold bands ; gold cloud-bands and finely executed illuminated marginal decoration (with floral motifs and saz leaves in gold, lavender and blue) complete the double-page illumination (pp.2-3) ; written area surrounded by frame consisting of heavy gold band with outermost blue rule ; margin defined by narrow gold band ; keywords rubricated ; textual dividers in the form of four dots in red.</subfield></datafield><datafield tag="500" ind1=" " ind2=" "><subfield code="a">Script: Shikastah-nastaʻlīq ; elegant hand in a thin line ; compact and freely ligatured with effect of words descending to baseline, pointing (somewhat casual) in distinct dots, elongation of horizontal strokes and sweeping descenders (many reversed or recurved).</subfield></datafield><datafield tag="500" ind1=" " ind2=" "><subfield code="a">Layout: Written in 15 lines per page ; frame-ruled.</subfield></datafield><datafield tag="500" ind1=" " ind2=" "><subfield code="a">Collation: i, IV (8), II (12), IV (20), III (26), 3 IV (50), IV + 1 (59), i ; chiefly quaternions ; catchwords present ; pagination in pencil, Western numerals, supplied during cataloguing.</subfield></datafield><datafield tag="500" ind1=" " ind2=" "><subfield code="a">Colophon: "Scribal," rectangular, reads "الحمد لله وصلی الله علی محمد واله تم الکتاب بعون الملک الوهاب در روزشنبه شهر جمادی الاولی [؟] صانها الله عن الحدثان تحریر شد در دار الخلافه طهران یا ناظر فیه اسئل بالله مرحمة علی المصنف واستغفر لصاحبه واطلب لنفسک من خیر تید بها من بعد ذلک غفرانا لکاتبه ..."</subfield></datafield><datafield tag="500" ind1=" " ind2=" "><subfield code="a">Explicit: "تمام شد کتاب گلستان جناب شیخ سعدی شیرازی رحمة الله بتوفیق حضرت باری عز اسمه هو المستعان وعلیه التکلان بدانکه در این کتاب چنانکه رسم مؤلفانست و داب مصنفانست از اشعار متقدمان بطریق استعاره تلفیقی نرفت ... بر رسولان بلاغ باشد و بس"</subfield></datafield><datafield tag="500" ind1=" " ind2=" "><subfield code="a">Incipit: "منت خدایرا عز و جل که طاعتش موجب قربتست ..."</subfield></datafield><datafield tag="500" ind1=" " ind2=" "><subfield code="a">Title from closing matter on p.117.</subfield></datafield><datafield tag="500" ind1=" " ind2=" "><subfield code="a">Ms. codex.</subfield></datafield><datafield tag="510" ind1="4" ind2=" "><subfield code="a">Rypka,</subfield><subfield code="c">p.251-253</subfield></datafield><datafield tag="510" ind1="4" ind2=" "><subfield code="a">Browne,</subfield><subfield code="c">v. ii, p.525-532</subfield></datafield><datafield tag="510" ind1="4" ind2=" "><subfield code="a">Cat. Pers. MSS Brit. Mus.,</subfield><subfield code="c">p.595 ff.</subfield></datafield><datafield tag="520" ind1="8" ind2=" "><subfield code="a">Elegant copy of the Gulistān, celebrated collection of moralizing anecdotes in rhymed prose interspersed with verse (maqāmah form), composed in 1258 by the renowned Persian poet and prose writer, Saʻdī (d.1292). Contributions to the cataloguing from Elizabeth Kunze.</subfield></datafield><datafield tag="538" ind1=" " ind2=" "><subfield code="a">Mode of access: Internet.</subfield></datafield><datafield tag="541" ind1=" " ind2=" "><subfield code="c">Purchase ;</subfield><subfield code="a">Acquired by purchase (funds donated by Horace Rackham).</subfield><subfield code="d">1924.</subfield></datafield><datafield tag="546" ind1=" " ind2=" "><subfield code="a">Persian.</subfield></datafield><datafield tag="561" ind1=" " ind2=" "><subfield code="a">Inventory marks (possibly provided by book seller) on 'title page' (p.1) including "(١)" (compare mark in Isl. Ms. 298) ; clean copy.</subfield></datafield><datafield tag="650" ind1=" " ind2="0"><subfield code="a">Manuscripts, Persian</subfield><subfield code="z">Michigan</subfield><subfield code="z">Ann Arbor.</subfield></datafield><datafield tag="650" ind1=" " ind2="0"><subfield code="a">Persian poetry</subfield><subfield code="y">747-1500.</subfield></datafield><datafield tag="655" ind1=" " ind2="7"><subfield code="a">Headpieces (layout features)</subfield><subfield code="y">19th century.</subfield><subfield code="2">aat</subfield></datafield><datafield tag="700" ind1="0" ind2=" "><subfield code="a">Abdülhamid</subfield><subfield code="b">II,</subfield><subfield code="c">Sultan of the Turks,</subfield><subfield code="d">1842-1918,</subfield><subfield code="e">former owner.</subfield></datafield><datafield tag="773" ind1="0" ind2=" "><subfield code="a">Abdul Hamid Collection.</subfield></datafield><datafield tag="880" ind1="1" ind2="0"><subfield code="6">245-03/</subfield><subfield code="a">کتاب گلستان,</subfield><subfield code="f">[نیمه قرن 19م؟].</subfield></datafield><datafield tag="880" ind1="1" ind2="0"><subfield code="6">240-02/</subfield><subfield code="a">گلستان</subfield></datafield><datafield tag="880" ind1="0" ind2=" "><subfield code="6">100-01/</subfield><subfield code="a">سعدى.</subfield></datafield><datafield tag="CID" ind1=" " ind2=" "><subfield code="a">006813673</subfield></datafield><datafield tag="DAT" ind1="0" ind2=" "><subfield code="a">20190719102638.0</subfield><subfield code="b">20190719000000.0</subfield></datafield><datafield tag="DAT" ind1="1" ind2=" "><subfield code="a">20190719090653.0</subfield><subfield code="b">2019-07-19T16:11:53Z</subfield></datafield><datafield tag="DAT" ind1="2" ind2=" "><subfield code="a">2015-10-02T18:00:03Z</subfield></datafield><datafield tag="CAT" ind1=" " ind2=" "><subfield code="a">SDR-MIU</subfield><subfield code="d">EX LIBRIS - ALEPH</subfield><subfield code="l">prepare.pl-004-008</subfield></datafield><datafield tag="FMT" ind1=" " ind2=" "><subfield code="a">BK</subfield></datafield><datafield tag="HOL" ind1=" " ind2=" "><subfield code="0">sdr-miu006813673</subfield><subfield code="a">MiU</subfield><subfield code="b">SDR</subfield><subfield code="c">MIU</subfield><subfield code="p">mdp.39015079128552</subfield><subfield code="s">MIU</subfield><subfield code="1">006813673</subfield></datafield><datafield tag="974" ind1=" " ind2=" "><subfield code="b">MIU</subfield><subfield code="c">MIU</subfield><subfield code="d">20190719</subfield><subfield code="s">lit-dlps-dc</subfield><subfield code="u">mdp.39015079128552</subfield><subfield code="y">1860</subfield><subfield code="r">pd</subfield><subfield code="q">bib</subfield><subfield code="t">non-US bib date2 &lt; 1879</subfield></datafield></record></collection>